<record><leader>00000cas a22000007a 4500</leader><controlfield tag="001">10271755</controlfield><controlfield tag="008">840106d18821885mtuwr ne      0    0eng d</controlfield><datafield ind1=" " ind2=" " tag="010"><subfield code="a">sn 84036003 </subfield></datafield><datafield ind1=" " ind2=" " tag="040"><subfield code="a">MTL</subfield><subfield code="b">eng</subfield><subfield code="c">MTL</subfield><subfield code="d">OCLCQ</subfield></datafield><datafield ind1=" " ind2=" " tag="042"><subfield code="a">msc</subfield></datafield><datafield ind1="0" ind2=" " tag="130"><subfield code="a">Post (Billings, Mont.)</subfield></datafield><datafield ind1="1" ind2="4" tag="245"><subfield code="a">The Post.</subfield></datafield><datafield ind1="1" ind2="7" tag="246"><subfield code="a">Weekly post</subfield></datafield><datafield ind1="1" ind2="7" tag="246"><subfield code="a">Billings post</subfield></datafield><datafield ind1=" " ind2=" " tag="260"><subfield code="a">Coulson, Mont. :</subfield><subfield code="b">A.K. Yerkes,</subfield><subfield code="c">-1885.</subfield></datafield><datafield ind1=" " ind2=" " tag="300"><subfield code="a">4 v. :</subfield><subfield code="b">ill. (chiefly ads.) ;</subfield><subfield code="c">53 cm.</subfield></datafield><datafield ind1=" " ind2=" " tag="310"><subfield code="a">Weekly</subfield></datafield><datafield ind1="0" ind2=" " tag="362"><subfield code="a">-v. 4, no. 13 (Apr. 30, 1885).</subfield></datafield><datafield ind1=" " ind2=" " tag="500"><subfield code="a">Published in Coulson &lt;Feb. 4&gt;-Apr. 8, 1882; in Billings and Coulson Apr. 15-May 20, 1882; and in Billings June 3, 1882-Apr. 30, 1885.</subfield></datafield><datafield ind1=" " ind2=" " tag="500"><subfield code="a">Publisher varies.</subfield></datafield><datafield ind1=" " ind2=" " tag="580"><subfield code="a">Merged with: Billings herald, and: Billings rustler, to form: Daily gazette (Billings, Mont.), and: Montana stock gazette.</subfield></datafield><datafield ind1=" " ind2=" " tag="588"><subfield code="a">Description based on: Vol. 1, no. 2 (Feb. 4, 1882).</subfield></datafield><datafield ind1=" " ind2=" " tag="752"><subfield code="a">United States</subfield><subfield code="b">Montana</subfield><subfield code="c">Yellowstone</subfield><subfield code="d">Billings.</subfield></datafield><datafield ind1=" " ind2=" " tag="752"><subfield code="a">United States</subfield><subfield code="b">Montana</subfield><subfield code="c">Yellowstone</subfield><subfield code="d">Coulson.</subfield></datafield><datafield ind1="1" ind2="7" tag="785"><subfield code="t">Billings herald</subfield><subfield code="w">(DLC)sn 84036001</subfield></datafield><datafield ind1="1" ind2="7" tag="785"><subfield code="t">Billings rustler</subfield><subfield code="w">(DLC)sn 84036004</subfield></datafield><datafield ind1="1" ind2="7" tag="785"><subfield code="t">Daily gazette (Billings, Mont.)</subfield></datafield><datafield ind1="1" ind2="7" tag="785"><subfield code="t">Montana stock gazette</subfield><subfield code="w">(DLC)sn 84036005</subfield></datafield></record>